%YAML 1.1
%TAG !u! tag:unity3d.com,2011:
--- !u!29 &1
OcclusionCullingSettings:
  m_ObjectHideFlags: 0
  serializedVersion: 2
  m_OcclusionBakeSettings:
    smallestOccluder: 5
    smallestHole: 0.25
    backfaceThreshold: 100
  m_SceneGUID: 00000000000000000000000000000000
  m_OcclusionCullingData: {fileID: 0}
--- !u!104 &2
RenderSettings:
  m_ObjectHideFlags: 0
  serializedVersion: 9
  m_Fog: 0
  m_FogColor: {r: 0.5, g: 0.5, b: 0.5, a: 1}
  m_FogMode: 3
  m_FogDensity: 0.01
  m_LinearFogStart: 0
  m_LinearFogEnd: 300
  m_AmbientSkyColor: {r: 0.212, g: 0.227, b: 0.259, a: 1}
  m_AmbientEquatorColor: {r: 0.114, g: 0.125, b: 0.133, a: 1}
  m_AmbientGroundColor: {r: 0.047, g: 0.043, b: 0.035, a: 1}
  m_AmbientIntensity: 1
  m_AmbientMode: 0
  m_SubtractiveShadowColor: {r: 1, g: 1, b: 1, a: 1}
  m_SkyboxMaterial: {fileID: 10304, guid: 0000000000000000f000000000000000, type: 0}
  m_HaloStrength: 0.5
  m_FlareStrength: 1
  m_FlareFadeSpeed: 3
  m_HaloTexture: {fileID: 0}
  m_SpotCookie: {fileID: 10001, guid: 0000000000000000e000000000000000, type: 0}
  m_DefaultReflectionMode: 0
  m_DefaultReflectionResolution: 128
  m_ReflectionBounces: 1
  m_ReflectionIntensity: 1
  m_CustomReflection: {fileID: 0}
  m_Sun: {fileID: 0}
  m_IndirectSpecularColor: {r: 0.44657898, g: 0.4964133, b: 0.5748178, a: 1}
  m_UseRadianceAmbientProbe: 0
--- !u!157 &3
LightmapSettings:
  m_ObjectHideFlags: 0
  serializedVersion: 12
  m_GIWorkflowMode: 1
  m_GISettings:
    serializedVersion: 2
    m_BounceScale: 1
    m_IndirectOutputScale: 1
    m_AlbedoBoost: 1
    m_EnvironmentLightingMode: 0
    m_EnableBakedLightmaps: 1
    m_EnableRealtimeLightmaps: 0
  m_LightmapEditorSettings:
    serializedVersion: 12
    m_Resolution: 2
    m_BakeResolution: 40
    m_AtlasSize: 1024
    m_AO: 0
    m_AOMaxDistance: 1
    m_CompAOExponent: 1
    m_CompAOExponentDirect: 0
    m_ExtractAmbientOcclusion: 0
    m_Padding: 2
    m_LightmapParameters: {fileID: 0}
    m_LightmapsBakeMode: 1
    m_TextureCompression: 1
    m_FinalGather: 0
    m_FinalGatherFiltering: 1
    m_FinalGatherRayCount: 256
    m_ReflectionCompression: 2
    m_MixedBakeMode: 2
    m_BakeBackend: 1
    m_PVRSampling: 1
    m_PVRDirectSampleCount: 32
    m_PVRSampleCount: 512
    m_PVRBounces: 2
    m_PVREnvironmentSampleCount: 256
    m_PVREnvironmentReferencePointCount: 2048
    m_PVRFilteringMode: 1
    m_PVRDenoiserTypeDirect: 1
    m_PVRDenoiserTypeIndirect: 1
    m_PVRDenoiserTypeAO: 1
    m_PVRFilterTypeDirect: 0
    m_PVRFilterTypeIndirect: 0
    m_PVRFilterTypeAO: 0
    m_PVREnvironmentMIS: 1
    m_PVRCulling: 1
    m_PVRFilteringGaussRadiusDirect: 1
    m_PVRFilteringGaussRadiusIndirect: 5
    m_PVRFilteringGaussRadiusAO: 2
    m_PVRFilteringAtrousPositionSigmaDirect: 0.5
    m_PVRFilteringAtrousPositionSigmaIndirect: 2
    m_PVRFilteringAtrousPositionSigmaAO: 1
    m_ExportTrainingData: 0
    m_TrainingDataDestination: TrainingData
    m_LightProbeSampleCountMultiplier: 4
  m_LightingDataAsset: {fileID: 112000000, guid: ea69dbb9f6155ee48bcd95324c0b3132, type: 2}
  m_LightingSettings: {fileID: 0}
--- !u!196 &4
NavMeshSettings:
  serializedVersion: 2
  m_ObjectHideFlags: 0
  m_BuildSettings:
    serializedVersion: 3
    agentTypeID: 0
    agentRadius: 0.5
    agentHeight: 2
    agentSlope: 45
    agentClimb: 0.4
    ledgeDropHeight: 0
    maxJumpAcrossDistance: 0
    minRegionArea: 2
    manualCellSize: 0
    cellSize: 0.16666667
    manualTileSize: 0
    tileSize: 256
    buildHeightMesh: 0
    maxJobWorkers: 0
    preserveTilesOutsideBounds: 0
    debug:
      m_Flags: 0
  m_NavMeshData: {fileID: 0}
--- !u!1001 &55593530
PrefabInstance:
  m_ObjectHideFlags: 0
  serializedVersion: 2
  m_Modification:
    serializedVersion: 3
    m_TransformParent: {fileID: 0}
    m_Modifications:
    - target: {fileID: 128976, guid: d62be77ab4b73b54f8cd6e96a767f023, type: 3}
      propertyPath: m_Name
      value: SM_Env_HillSnow_04 (8)
      objectReference: {fileID: 0}
    - target: {fileID: 413876, guid: d62be77ab4b73b54f8cd6e96a767f023, type: 3}
      propertyPath: m_LocalScale.x
      value: 8.973756
      objectReference: {fileID: 0}
    - target: {fileID: 413876, guid: d62be77ab4b73b54f8cd6e96a767f023, type: 3}
      propertyPath: m_LocalScale.y
      value: -0.6884833
      objectReference: {fileID: 0}
    - target: {fileID: 413876, guid: d62be77ab4b73b54f8cd6e96a767f023, type: 3}
      propertyPath: m_LocalScale.z
      value: 12.760102
      objectReference: {fileID: 0}
    - target: {fileID: 413876, guid: d62be77ab4b73b54f8cd6e96a767f023, type: 3}
      propertyPath: m_LocalPosition.x
      value: 2053.3289
      objectReference: {fileID: 0}
    - target: {fileID: 413876, guid: d62be77ab4b73b54f8cd6e96a767f023, type: 3}
      propertyPath: m_LocalPosition.y
      value: 21.0656
      objectReference: {fileID: 0}
    - target: {fileID: 413876, guid: d62be77ab4b73b54f8cd6e96a767f023, type: 3}
      propertyPath: m_LocalPosition.z
      value: -658.6157
      objectReference: {fileID: 0}
    - target: {fileID: 413876, guid: d62be77ab4b73b54f8cd6e96a767f023, type: 3}
      propertyPath: m_LocalRotation.w
      value: 0.037950885
      objectReference: {fileID: 0}
    - target: {fileID: 413876, guid: d62be77ab4b73b54f8cd6e96a767f023, type: 3}
      propertyPath: m_LocalRotation.x
      value: 0.71438104
      objectReference: {fileID: 0}
    - target: {fileID: 413876, guid: d62be77ab4b73b54f8cd6e96a767f023, type: 3}
      propertyPath: m_LocalRotation.y
      value: 0.03706706
      objectReference: {fileID: 0}
    - target: {fileID: 413876, guid: d62be77ab4b73b54f8cd6e96a767f023, type: 3}
      propertyPath: m_LocalRotation.z
      value: -0.69774324
      objectReference: {fileID: 0}
    - target: {fileID: 413876, guid: d62be77ab4b73b54f8cd6e96a767f023, type: 3}
      propertyPath: m_LocalEulerAnglesHint.x
      value: 173.918
      objectReference: {fileID: 0}
    - target: {fileID: 413876, guid: d62be77ab4b73b54f8cd6e96a767f023, type: 3}
      propertyPath: m_LocalEulerAnglesHint.y
      value: 88.65
      objectReference: {fileID: 0}
    - target: {fileID: 413876, guid: d62be77ab4b73b54f8cd6e96a767f023, type: 3}
      propertyPath: m_LocalEulerAnglesHint.z
      value: 0
      objectReference: {fileID: 0}
    m_RemovedComponents: []
    m_RemovedGameObjects: []
    m_AddedGameObjects: []
    m_AddedComponents: []
  m_SourcePrefab: {fileID: 100100000, guid: d62be77ab4b73b54f8cd6e96a767f023, type: 3}
--- !u!1001 &182708869
PrefabInstance:
  m_ObjectHideFlags: 0
  serializedVersion: 2
  m_Modification:
    serializedVersion: 3
    m_TransformParent: {fileID: 0}
    m_Modifications:
    - target: {fileID: 128976, guid: d62be77ab4b73b54f8cd6e96a767f023, type: 3}
      propertyPath: m_Name
      value: SM_Env_HillSnow_04 (7)
      objectReference: {fileID: 0}
    - target: {fileID: 413876, guid: d62be77ab4b73b54f8cd6e96a767f023, type: 3}
      propertyPath: m_LocalScale.x
      value: 5.4159923
      objectReference: {fileID: 0}
    - target: {fileID: 413876, guid: d62be77ab4b73b54f8cd6e96a767f023, type: 3}
      propertyPath: m_LocalScale.y
      value: 14.511004
      objectReference: {fileID: 0}
    - target: {fileID: 413876, guid: d62be77ab4b73b54f8cd6e96a767f023, type: 3}
      propertyPath: m_LocalScale.z
      value: 11.975884
      objectReference: {fileID: 0}
    - target: {fileID: 413876, guid: d62be77ab4b73b54f8cd6e96a767f023, type: 3}
      propertyPath: m_LocalPosition.x
      value: 1825
      objectReference: {fileID: 0}
    - target: {fileID: 413876, guid: d62be77ab4b73b54f8cd6e96a767f023, type: 3}
      propertyPath: m_LocalPosition.y
      value: -9.800003
      objectReference: {fileID: 0}
    - target: {fileID: 413876, guid: d62be77ab4b73b54f8cd6e96a767f023, type: 3}
      propertyPath: m_LocalPosition.z
      value: -596.7
      objectReference: {fileID: 0}
    - target: {fileID: 413876, guid: d62be77ab4b73b54f8cd6e96a767f023, type: 3}
      propertyPath: m_LocalRotation.w
      value: 0.9901927
      objectReference: {fileID: 0}
    - target: {fileID: 413876, guid: d62be77ab4b73b54f8cd6e96a767f023, type: 3}
      propertyPath: m_LocalRotation.x
      value: -0
      objectReference: {fileID: 0}
    - target: {fileID: 413876, guid: d62be77ab4b73b54f8cd6e96a767f023, type: 3}
      propertyPath: m_LocalRotation.y
      value: 0.13970873
      objectReference: {fileID: 0}
    - target: {fileID: 413876, guid: d62be77ab4b73b54f8cd6e96a767f023, type: 3}
      propertyPath: m_LocalRotation.z
      value: -0
      objectReference: {fileID: 0}
    - target: {fileID: 413876, guid: d62be77ab4b73b54f8cd6e96a767f023, type: 3}
      propertyPath: m_LocalEulerAnglesHint.x
      value: 0
      objectReference: {fileID: 0}
    - target: {fileID: 413876, guid: d62be77ab4b73b54f8cd6e96a767f023, type: 3}
      propertyPath: m_LocalEulerAnglesHint.y
      value: 16.062
      objectReference: {fileID: 0}
    - target: {fileID: 413876, guid: d62be77ab4b73b54f8cd6e96a767f023, type: 3}
      propertyPath: m_LocalEulerAnglesHint.z
      value: 0
      objectReference: {fileID: 0}
    m_RemovedComponents: []
    m_RemovedGameObjects: []
    m_AddedGameObjects: []
    m_AddedComponents: []
  m_SourcePrefab: {fileID: 100100000, guid: d62be77ab4b73b54f8cd6e96a767f023, type: 3}
--- !u!1001 &250921074
PrefabInstance:
  m_ObjectHideFlags: 0
  serializedVersion: 2
  m_Modification:
    serializedVersion: 3
    m_TransformParent: {fileID: 0}
    m_Modifications:
    - target: {fileID: 128976, guid: d62be77ab4b73b54f8cd6e96a767f023, type: 3}
      propertyPath: m_Name
      value: SM_Env_HillSnow_04
      objectReference: {fileID: 0}
    - target: {fileID: 413876, guid: d62be77ab4b73b54f8cd6e96a767f023, type: 3}
      propertyPath: m_LocalScale.x
      value: 5.4159923
      objectReference: {fileID: 0}
    - target: {fileID: 413876, guid: d62be77ab4b73b54f8cd6e96a767f023, type: 3}
      propertyPath: m_LocalScale.y
      value: 10.479989
      objectReference: {fileID: 0}
    - target: {fileID: 413876, guid: d62be77ab4b73b54f8cd6e96a767f023, type: 3}
      propertyPath: m_LocalScale.z
      value: 11.501696
      objectReference: {fileID: 0}
    - target: {fileID: 413876, guid: d62be77ab4b73b54f8cd6e96a767f023, type: 3}
      propertyPath: m_LocalPosition.x
      value: 1855.8
      objectReference: {fileID: 0}
    - target: {fileID: 413876, guid: d62be77ab4b73b54f8cd6e96a767f023, type: 3}
      propertyPath: m_LocalPosition.y
      value: 0.5618
      objectReference: {fileID: 0}
    - target: {fileID: 413876, guid: d62be77ab4b73b54f8cd6e96a767f023, type: 3}
      propertyPath: m_LocalPosition.z
      value: -697.1609
      objectReference: {fileID: 0}
    - target: {fileID: 413876, guid: d62be77ab4b73b54f8cd6e96a767f023, type: 3}
      propertyPath: m_LocalRotation.w
      value: 1
      objectReference: {fileID: 0}
    - target: {fileID: 413876, guid: d62be77ab4b73b54f8cd6e96a767f023, type: 3}
      propertyPath: m_LocalRotation.x
      value: 0
      objectReference: {fileID: 0}
    - target: {fileID: 413876, guid: d62be77ab4b73b54f8cd6e96a767f023, type: 3}
      propertyPath: m_LocalRotation.y
      value: 0
      objectReference: {fileID: 0}
    - target: {fileID: 413876, guid: d62be77ab4b73b54f8cd6e96a767f023, type: 3}
      propertyPath: m_LocalRotation.z
      value: 0
      objectReference: {fileID: 0}
    - target: {fileID: 413876, guid: d62be77ab4b73b54f8cd6e96a767f023, type: 3}
      propertyPath: m_LocalEulerAnglesHint.x
      value: 0
      objectReference: {fileID: 0}
    - target: {fileID: 413876, guid: d62be77ab4b73b54f8cd6e96a767f023, type: 3}
      propertyPath: m_LocalEulerAnglesHint.y
      value: 0
      objectReference: {fileID: 0}
    - target: {fileID: 413876, guid: d62be77ab4b73b54f8cd6e96a767f023, type: 3}
      propertyPath: m_LocalEulerAnglesHint.z
      value: 0
      objectReference: {fileID: 0}
    m_RemovedComponents: []
    m_RemovedGameObjects: []
    m_AddedGameObjects: []
    m_AddedComponents: []
  m_SourcePrefab: {fileID: 100100000, guid: d62be77ab4b73b54f8cd6e96a767f023, type: 3}
--- !u!1001 &648460745
PrefabInstance:
  m_ObjectHideFlags: 0
  serializedVersion: 2
  m_Modification:
    serializedVersion: 3
    m_TransformParent: {fileID: 0}
    m_Modifications:
    - target: {fileID: 128976, guid: d62be77ab4b73b54f8cd6e96a767f023, type: 3}
      propertyPath: m_Name
      value: SM_Env_HillSnow_04 (6)
      objectReference: {fileID: 0}
    - target: {fileID: 413876, guid: d62be77ab4b73b54f8cd6e96a767f023, type: 3}
      propertyPath: m_LocalScale.x
      value: 5.4159923
      objectReference: {fileID: 0}
    - target: {fileID: 413876, guid: d62be77ab4b73b54f8cd6e96a767f023, type: 3}
      propertyPath: m_LocalScale.y
      value: 14.511004
      objectReference: {fileID: 0}
    - target: {fileID: 413876, guid: d62be77ab4b73b54f8cd6e96a767f023, type: 3}
      propertyPath: m_LocalScale.z
      value: 17.233297
      objectReference: {fileID: 0}
    - target: {fileID: 413876, guid: d62be77ab4b73b54f8cd6e96a767f023, type: 3}
      propertyPath: m_LocalPosition.x
      value: 2184.2976
      objectReference: {fileID: 0}
    - target: {fileID: 413876, guid: d62be77ab4b73b54f8cd6e96a767f023, type: 3}
      propertyPath: m_LocalPosition.y
      value: -9.8
      objectReference: {fileID: 0}
    - target: {fileID: 413876, guid: d62be77ab4b73b54f8cd6e96a767f023, type: 3}
      propertyPath: m_LocalPosition.z
      value: -769.7635
      objectReference: {fileID: 0}
    - target: {fileID: 413876, guid: d62be77ab4b73b54f8cd6e96a767f023, type: 3}
      propertyPath: m_LocalRotation.w
      value: 0.7153883
      objectReference: {fileID: 0}
    - target: {fileID: 413876, guid: d62be77ab4b73b54f8cd6e96a767f023, type: 3}
      propertyPath: m_LocalRotation.x
      value: -0
      objectReference: {fileID: 0}
    - target: {fileID: 413876, guid: d62be77ab4b73b54f8cd6e96a767f023, type: 3}
      propertyPath: m_LocalRotation.y
      value: 0.6987271
      objectReference: {fileID: 0}
    - target: {fileID: 413876, guid: d62be77ab4b73b54f8cd6e96a767f023, type: 3}
      propertyPath: m_LocalRotation.z
      value: -0
      objectReference: {fileID: 0}
    - target: {fileID: 413876, guid: d62be77ab4b73b54f8cd6e96a767f023, type: 3}
      propertyPath: m_LocalEulerAnglesHint.x
      value: 0
      objectReference: {fileID: 0}
    - target: {fileID: 413876, guid: d62be77ab4b73b54f8cd6e96a767f023, type: 3}
      propertyPath: m_LocalEulerAnglesHint.y
      value: 88.65
      objectReference: {fileID: 0}
    - target: {fileID: 413876, guid: d62be77ab4b73b54f8cd6e96a767f023, type: 3}
      propertyPath: m_LocalEulerAnglesHint.z
      value: 0
      objectReference: {fileID: 0}
    m_RemovedComponents: []
    m_RemovedGameObjects: []
    m_AddedGameObjects: []
    m_AddedComponents: []
  m_SourcePrefab: {fileID: 100100000, guid: d62be77ab4b73b54f8cd6e96a767f023, type: 3}
--- !u!1001 &656815757
PrefabInstance:
  m_ObjectHideFlags: 0
  serializedVersion: 2
  m_Modification:
    serializedVersion: 3
    m_TransformParent: {fileID: 0}
    m_Modifications:
    - target: {fileID: 128976, guid: d62be77ab4b73b54f8cd6e96a767f023, type: 3}
      propertyPath: m_Name
      value: SM_Env_HillSnow_04 (4)
      objectReference: {fileID: 0}
    - target: {fileID: 413876, guid: d62be77ab4b73b54f8cd6e96a767f023, type: 3}
      propertyPath: m_LocalScale.x
      value: 5.4159923
      objectReference: {fileID: 0}
    - target: {fileID: 413876, guid: d62be77ab4b73b54f8cd6e96a767f023, type: 3}
      propertyPath: m_LocalScale.y
      value: 32.21008
      objectReference: {fileID: 0}
    - target: {fileID: 413876, guid: d62be77ab4b73b54f8cd6e96a767f023, type: 3}
      propertyPath: m_LocalScale.z
      value: 25.276241
      objectReference: {fileID: 0}
    - target: {fileID: 413876, guid: d62be77ab4b73b54f8cd6e96a767f023, type: 3}
      propertyPath: m_LocalPosition.x
      value: 2019.8157
      objectReference: {fileID: 0}
    - target: {fileID: 413876, guid: d62be77ab4b73b54f8cd6e96a767f023, type: 3}
      propertyPath: m_LocalPosition.y
      value: -9.9
      objectReference: {fileID: 0}
    - target: {fileID: 413876, guid: d62be77ab4b73b54f8cd6e96a767f023, type: 3}
      propertyPath: m_LocalPosition.z
      value: -532.9743
      objectReference: {fileID: 0}
    - target: {fileID: 413876, guid: d62be77ab4b73b54f8cd6e96a767f023, type: 3}
      propertyPath: m_LocalRotation.w
      value: -0.68597484
      objectReference: {fileID: 0}
    - target: {fileID: 413876, guid: d62be77ab4b73b54f8cd6e96a767f023, type: 3}
      propertyPath: m_LocalRotation.x
      value: -0
      objectReference: {fileID: 0}
    - target: {fileID: 413876, guid: d62be77ab4b73b54f8cd6e96a767f023, type: 3}
      propertyPath: m_LocalRotation.y
      value: 0.7276253
      objectReference: {fileID: 0}
    - target: {fileID: 413876, guid: d62be77ab4b73b54f8cd6e96a767f023, type: 3}
      propertyPath: m_LocalRotation.z
      value: -0
      objectReference: {fileID: 0}
    - target: {fileID: 413876, guid: d62be77ab4b73b54f8cd6e96a767f023, type: 3}
      propertyPath: m_LocalEulerAnglesHint.x
      value: 0
      objectReference: {fileID: 0}
    - target: {fileID: 413876, guid: d62be77ab4b73b54f8cd6e96a767f023, type: 3}
      propertyPath: m_LocalEulerAnglesHint.y
      value: 266.625
      objectReference: {fileID: 0}
    - target: {fileID: 413876, guid: d62be77ab4b73b54f8cd6e96a767f023, type: 3}
      propertyPath: m_LocalEulerAnglesHint.z
      value: 0
      objectReference: {fileID: 0}
    m_RemovedComponents: []
    m_RemovedGameObjects: []
    m_AddedGameObjects: []
    m_AddedComponents: []
  m_SourcePrefab: {fileID: 100100000, guid: d62be77ab4b73b54f8cd6e96a767f023, type: 3}
--- !u!1 &1035120227
GameObject:
  m_ObjectHideFlags: 0
  m_CorrespondingSourceObject: {fileID: 0}
  m_PrefabInstance: {fileID: 0}
  m_PrefabAsset: {fileID: 0}
  serializedVersion: 6
  m_Component:
  - component: {fileID: 1035120229}
  - component: {fileID: 1035120228}
  m_Layer: 0
  m_Name: Directional Light
  m_TagString: Untagged
  m_Icon: {fileID: 0}
  m_NavMeshLayer: 0
  m_StaticEditorFlags: 0
  m_IsActive: 1
--- !u!108 &1035120228
Light:
  m_ObjectHideFlags: 0
  m_CorrespondingSourceObject: {fileID: 0}
  m_PrefabInstance: {fileID: 0}
  m_PrefabAsset: {fileID: 0}
  m_GameObject: {fileID: 1035120227}
  m_Enabled: 1
  serializedVersion: 10
  m_Type: 1
  m_Shape: 0
  m_Color: {r: 1, g: 0.95686275, b: 0.8392157, a: 1}
  m_Intensity: 1
  m_Range: 10
  m_SpotAngle: 30
  m_InnerSpotAngle: 21.80208
  m_CookieSize: 10
  m_Shadows:
    m_Type: 2
    m_Resolution: -1
    m_CustomResolution: -1
    m_Strength: 1
    m_Bias: 0.05
    m_NormalBias: 0.4
    m_NearPlane: 0.2
    m_CullingMatrixOverride:
      e00: 1
      e01: 0
      e02: 0
      e03: 0
      e10: 0
      e11: 1
      e12: 0
      e13: 0
      e20: 0
      e21: 0
      e22: 1
      e23: 0
      e30: 0
      e31: 0
      e32: 0
      e33: 1
    m_UseCullingMatrixOverride: 0
  m_Cookie: {fileID: 0}
  m_DrawHalo: 0
  m_Flare: {fileID: 0}
  m_RenderMode: 0
  m_CullingMask:
    serializedVersion: 2
    m_Bits: 4294967295
  m_RenderingLayerMask: 1
  m_Lightmapping: 4
  m_LightShadowCasterMode: 0
  m_AreaSize: {x: 1, y: 1}
  m_BounceIntensity: 1
  m_ColorTemperature: 6570
  m_UseColorTemperature: 0
  m_BoundingSphereOverride: {x: 0, y: 0, z: 0, w: 0}
  m_UseBoundingSphereOverride: 0
  m_UseViewFrustumForShadowCasterCull: 1
  m_ShadowRadius: 0
  m_ShadowAngle: 0
--- !u!4 &1035120229
Transform:
  m_ObjectHideFlags: 0
  m_CorrespondingSourceObject: {fileID: 0}
  m_PrefabInstance: {fileID: 0}
  m_PrefabAsset: {fileID: 0}
  m_GameObject: {fileID: 1035120227}
  serializedVersion: 2
  m_LocalRotation: {x: 0.40821788, y: -0.23456968, z: 0.10938163, w: 0.8754261}
  m_LocalPosition: {x: 0, y: 3, z: 0}
  m_LocalScale: {x: 1, y: 1, z: 1}
  m_ConstrainProportionsScale: 0
  m_Children: []
  m_Father: {fileID: 0}
  m_LocalEulerAnglesHint: {x: 50, y: -30, z: 0}
--- !u!1 &1037384797
GameObject:
  m_ObjectHideFlags: 0
  m_CorrespondingSourceObject: {fileID: 0}
  m_PrefabInstance: {fileID: 0}
  m_PrefabAsset: {fileID: 0}
  serializedVersion: 6
  m_Component:
  - component: {fileID: 1037384800}
  - component: {fileID: 1037384799}
  - component: {fileID: 1037384798}
  m_Layer: 0
  m_Name: Main Camera
  m_TagString: MainCamera
  m_Icon: {fileID: 0}
  m_NavMeshLayer: 0
  m_StaticEditorFlags: 0
  m_IsActive: 1
--- !u!81 &1037384798
AudioListener:
  m_ObjectHideFlags: 0
  m_CorrespondingSourceObject: {fileID: 0}
  m_PrefabInstance: {fileID: 0}
  m_PrefabAsset: {fileID: 0}
  m_GameObject: {fileID: 1037384797}
  m_Enabled: 1
--- !u!20 &1037384799
Camera:
  m_ObjectHideFlags: 0
  m_CorrespondingSourceObject: {fileID: 0}
  m_PrefabInstance: {fileID: 0}
  m_PrefabAsset: {fileID: 0}
  m_GameObject: {fileID: 1037384797}
  m_Enabled: 1
  serializedVersion: 2
  m_ClearFlags: 1
  m_BackGroundColor: {r: 0.19215687, g: 0.3019608, b: 0.4745098, a: 0}
  m_projectionMatrixMode: 1
  m_GateFitMode: 2
  m_FOVAxisMode: 0
  m_Iso: 200
  m_ShutterSpeed: 0.005
  m_Aperture: 16
  m_FocusDistance: 10
  m_FocalLength: 50
  m_BladeCount: 5
  m_Curvature: {x: 2, y: 11}
  m_BarrelClipping: 0.25
  m_Anamorphism: 0
  m_SensorSize: {x: 36, y: 24}
  m_LensShift: {x: 0, y: 0}
  m_NormalizedViewPortRect:
    serializedVersion: 2
    x: 0
    y: 0
    width: 1
    height: 1
  near clip plane: 0.3
  far clip plane: 1000
  field of view: 60
  orthographic: 0
  orthographic size: 5
  m_Depth: -1
  m_CullingMask:
    serializedVersion: 2
    m_Bits: 4294967295
  m_RenderingPath: -1
  m_TargetTexture: {fileID: 0}
  m_TargetDisplay: 0
  m_TargetEye: 3
  m_HDR: 1
  m_AllowMSAA: 1
  m_AllowDynamicResolution: 0
  m_ForceIntoRT: 0
  m_OcclusionCulling: 1
  m_StereoConvergence: 10
  m_StereoSeparation: 0.022
--- !u!4 &1037384800
Transform:
  m_ObjectHideFlags: 0
  m_CorrespondingSourceObject: {fileID: 0}
  m_PrefabInstance: {fileID: 0}
  m_PrefabAsset: {fileID: 0}
  m_GameObject: {fileID: 1037384797}
  serializedVersion: 2
  m_LocalRotation: {x: 0, y: 0, z: 0, w: 1}
  m_LocalPosition: {x: 0, y: 1, z: -10}
  m_LocalScale: {x: 1, y: 1, z: 1}
  m_ConstrainProportionsScale: 0
  m_Children: []
  m_Father: {fileID: 0}
  m_LocalEulerAnglesHint: {x: 0, y: 0, z: 0}
--- !u!1001 &1126639369
PrefabInstance:
  m_ObjectHideFlags: 0
  serializedVersion: 2
  m_Modification:
    serializedVersion: 3
    m_TransformParent: {fileID: 0}
    m_Modifications:
    - target: {fileID: 165492, guid: 14fb00da0e33940448e682c534f283dd, type: 3}
      propertyPath: m_Name
      value: Fortress Gate
      objectReference: {fileID: 0}
    - target: {fileID: 410188, guid: 14fb00da0e33940448e682c534f283dd, type: 3}
      propertyPath: m_LocalScale.x
      value: 8.854035
      objectReference: {fileID: 0}
    - target: {fileID: 410188, guid: 14fb00da0e33940448e682c534f283dd, type: 3}
      propertyPath: m_LocalScale.z
      value: 4.882191
      objectReference: {fileID: 0}
    - target: {fileID: 410188, guid: 14fb00da0e33940448e682c534f283dd, type: 3}
      propertyPath: m_LocalPosition.x
      value: -16.5
      objectReference: {fileID: 0}
    - target: {fileID: 410188, guid: 14fb00da0e33940448e682c534f283dd, type: 3}
      propertyPath: m_LocalPosition.y
      value: 76.6
      objectReference: {fileID: 0}
    - target: {fileID: 410188, guid: 14fb00da0e33940448e682c534f283dd, type: 3}
      propertyPath: m_LocalPosition.z
      value: 21.2
      objectReference: {fileID: 0}
    - target: {fileID: 410188, guid: 14fb00da0e33940448e682c534f283dd, type: 3}
      propertyPath: m_LocalRotation.w
      value: 0.48474196
      objectReference: {fileID: 0}
    - target: {fileID: 410188, guid: 14fb00da0e33940448e682c534f283dd, type: 3}
      propertyPath: m_LocalRotation.x
      value: -0.48474196
      objectReference: {fileID: 0}
    - target: {fileID: 410188, guid: 14fb00da0e33940448e682c534f283dd, type: 3}
      propertyPath: m_LocalRotation.y
      value: 0.5148061
      objectReference: {fileID: 0}
    - target: {fileID: 410188, guid: 14fb00da0e33940448e682c534f283dd, type: 3}
      propertyPath: m_LocalRotation.z
      value: 0.514806
      objectReference: {fileID: 0}
    - target: {fileID: 410188, guid: 14fb00da0e33940448e682c534f283dd, type: 3}
      propertyPath: m_LocalEulerAnglesHint.x
      value: -90
      objectReference: {fileID: 0}
    - target: {fileID: 410188, guid: 14fb00da0e33940448e682c534f283dd, type: 3}
      propertyPath: m_LocalEulerAnglesHint.z
      value: 93.446
      objectReference: {fileID: 0}
    - target: {fileID: 419882, guid: 14fb00da0e33940448e682c534f283dd, type: 3}
      propertyPath: m_LocalPosition.x
      value: 2209.517
      objectReference: {fileID: 0}
    - target: {fileID: 419882, guid: 14fb00da0e33940448e682c534f283dd, type: 3}
      propertyPath: m_LocalPosition.y
      value: 0.26670837
      objectReference: {fileID: 0}
    - target: {fileID: 419882, guid: 14fb00da0e33940448e682c534f283dd, type: 3}
      propertyPath: m_LocalPosition.z
      value: -664.8003
      objectReference: {fileID: 0}
    - target: {fileID: 419882, guid: 14fb00da0e33940448e682c534f283dd, type: 3}
      propertyPath: m_LocalRotation.w
      value: 1
      objectReference: {fileID: 0}
    - target: {fileID: 419882, guid: 14fb00da0e33940448e682c534f283dd, type: 3}
      propertyPath: m_LocalRotation.x
      value: 0
      objectReference: {fileID: 0}
    - target: {fileID: 419882, guid: 14fb00da0e33940448e682c534f283dd, type: 3}
      propertyPath: m_LocalRotation.y
      value: 0
      objectReference: {fileID: 0}
    - target: {fileID: 419882, guid: 14fb00da0e33940448e682c534f283dd, type: 3}
      propertyPath: m_LocalRotation.z
      value: 0
      objectReference: {fileID: 0}
    - target: {fileID: 419882, guid: 14fb00da0e33940448e682c534f283dd, type: 3}
      propertyPath: m_LocalEulerAnglesHint.x
      value: 0
      objectReference: {fileID: 0}
    - target: {fileID: 419882, guid: 14fb00da0e33940448e682c534f283dd, type: 3}
      propertyPath: m_LocalEulerAnglesHint.y
      value: 0
      objectReference: {fileID: 0}
    - target: {fileID: 419882, guid: 14fb00da0e33940448e682c534f283dd, type: 3}
      propertyPath: m_LocalEulerAnglesHint.z
      value: 0
      objectReference: {fileID: 0}
    m_RemovedComponents: []
    m_RemovedGameObjects: []
    m_AddedGameObjects: []
    m_AddedComponents: []
  m_SourcePrefab: {fileID: 100100000, guid: 14fb00da0e33940448e682c534f283dd, type: 3}
--- !u!1001 &1231135668
PrefabInstance:
  m_ObjectHideFlags: 0
  serializedVersion: 2
  m_Modification:
    serializedVersion: 3
    m_TransformParent: {fileID: 0}
    m_Modifications:
    - target: {fileID: 128976, guid: d62be77ab4b73b54f8cd6e96a767f023, type: 3}
      propertyPath: m_Name
      value: SM_Env_HillSnow_04 (3)
      objectReference: {fileID: 0}
    - target: {fileID: 413876, guid: d62be77ab4b73b54f8cd6e96a767f023, type: 3}
      propertyPath: m_LocalScale.x
      value: 5.4159923
      objectReference: {fileID: 0}
    - target: {fileID: 413876, guid: d62be77ab4b73b54f8cd6e96a767f023, type: 3}
      propertyPath: m_LocalScale.y
      value: 14.511004
      objectReference: {fileID: 0}
    - target: {fileID: 413876, guid: d62be77ab4b73b54f8cd6e96a767f023, type: 3}
      propertyPath: m_LocalScale.z
      value: 9.188893
      objectReference: {fileID: 0}
    - target: {fileID: 413876, guid: d62be77ab4b73b54f8cd6e96a767f023, type: 3}
      propertyPath: m_LocalPosition.x
      value: 1870.9
      objectReference: {fileID: 0}
    - target: {fileID: 413876, guid: d62be77ab4b73b54f8cd6e96a767f023, type: 3}
      propertyPath: m_LocalPosition.y
      value: -9.8
      objectReference: {fileID: 0}
    - target: {fileID: 413876, guid: d62be77ab4b73b54f8cd6e96a767f023, type: 3}
      propertyPath: m_LocalPosition.z
      value: -536.1
      objectReference: {fileID: 0}
    - target: {fileID: 413876, guid: d62be77ab4b73b54f8cd6e96a767f023, type: 3}
      propertyPath: m_LocalRotation.w
      value: 0.7153883
      objectReference: {fileID: 0}
    - target: {fileID: 413876, guid: d62be77ab4b73b54f8cd6e96a767f023, type: 3}
      propertyPath: m_LocalRotation.x
      value: -0
      objectReference: {fileID: 0}
    - target: {fileID: 413876, guid: d62be77ab4b73b54f8cd6e96a767f023, type: 3}
      propertyPath: m_LocalRotation.y
      value: 0.6987271
      objectReference: {fileID: 0}
    - target: {fileID: 413876, guid: d62be77ab4b73b54f8cd6e96a767f023, type: 3}
      propertyPath: m_LocalRotation.z
      value: -0
      objectReference: {fileID: 0}
    - target: {fileID: 413876, guid: d62be77ab4b73b54f8cd6e96a767f023, type: 3}
      propertyPath: m_LocalEulerAnglesHint.x
      value: 0
      objectReference: {fileID: 0}
    - target: {fileID: 413876, guid: d62be77ab4b73b54f8cd6e96a767f023, type: 3}
      propertyPath: m_LocalEulerAnglesHint.y
      value: 88.65
      objectReference: {fileID: 0}
    - target: {fileID: 413876, guid: d62be77ab4b73b54f8cd6e96a767f023, type: 3}
      propertyPath: m_LocalEulerAnglesHint.z
      value: 0
      objectReference: {fileID: 0}
    m_RemovedComponents: []
    m_RemovedGameObjects: []
    m_AddedGameObjects: []
    m_AddedComponents: []
  m_SourcePrefab: {fileID: 100100000, guid: d62be77ab4b73b54f8cd6e96a767f023, type: 3}
--- !u!1001 &1277093023
PrefabInstance:
  m_ObjectHideFlags: 0
  serializedVersion: 2
  m_Modification:
    serializedVersion: 3
    m_TransformParent: {fileID: 0}
    m_Modifications:
    - target: {fileID: 128976, guid: d62be77ab4b73b54f8cd6e96a767f023, type: 3}
      propertyPath: m_Name
      value: SM_Env_HillSnow_04 (1)
      objectReference: {fileID: 0}
    - target: {fileID: 413876, guid: d62be77ab4b73b54f8cd6e96a767f023, type: 3}
      propertyPath: m_LocalScale.x
      value: 5.4159923
      objectReference: {fileID: 0}
    - target: {fileID: 413876, guid: d62be77ab4b73b54f8cd6e96a767f023, type: 3}
      propertyPath: m_LocalScale.y
      value: 14.511004
      objectReference: {fileID: 0}
    - target: {fileID: 413876, guid: d62be77ab4b73b54f8cd6e96a767f023, type: 3}
      propertyPath: m_LocalScale.z
      value: 9.188893
      objectReference: {fileID: 0}
    - target: {fileID: 413876, guid: d62be77ab4b73b54f8cd6e96a767f023, type: 3}
      propertyPath: m_LocalPosition.x
      value: 1986.5
      objectReference: {fileID: 0}
    - target: {fileID: 413876, guid: d62be77ab4b73b54f8cd6e96a767f023, type: 3}
      propertyPath: m_LocalPosition.y
      value: -0.8
      objectReference: {fileID: 0}
    - target: {fileID: 413876, guid: d62be77ab4b73b54f8cd6e96a767f023, type: 3}
      propertyPath: m_LocalPosition.z
      value: -765.6
      objectReference: {fileID: 0}
    - target: {fileID: 413876, guid: d62be77ab4b73b54f8cd6e96a767f023, type: 3}
      propertyPath: m_LocalRotation.w
      value: 0.7153883
      objectReference: {fileID: 0}
    - target: {fileID: 413876, guid: d62be77ab4b73b54f8cd6e96a767f023, type: 3}
      propertyPath: m_LocalRotation.x
      value: -0
      objectReference: {fileID: 0}
    - target: {fileID: 413876, guid: d62be77ab4b73b54f8cd6e96a767f023, type: 3}
      propertyPath: m_LocalRotation.y
      value: 0.6987271
      objectReference: {fileID: 0}
    - target: {fileID: 413876, guid: d62be77ab4b73b54f8cd6e96a767f023, type: 3}
      propertyPath: m_LocalRotation.z
      value: -0
      objectReference: {fileID: 0}
    - target: {fileID: 413876, guid: d62be77ab4b73b54f8cd6e96a767f023, type: 3}
      propertyPath: m_LocalEulerAnglesHint.x
      value: 0
      objectReference: {fileID: 0}
    - target: {fileID: 413876, guid: d62be77ab4b73b54f8cd6e96a767f023, type: 3}
      propertyPath: m_LocalEulerAnglesHint.y
      value: 88.65
      objectReference: {fileID: 0}
    - target: {fileID: 413876, guid: d62be77ab4b73b54f8cd6e96a767f023, type: 3}
      propertyPath: m_LocalEulerAnglesHint.z
      value: 0
      objectReference: {fileID: 0}
    m_RemovedComponents: []
    m_RemovedGameObjects: []
    m_AddedGameObjects: []
    m_AddedComponents: []
  m_SourcePrefab: {fileID: 100100000, guid: d62be77ab4b73b54f8cd6e96a767f023, type: 3}
--- !u!1001 &1547947387
PrefabInstance:
  m_ObjectHideFlags: 0
  serializedVersion: 2
  m_Modification:
    serializedVersion: 3
    m_TransformParent: {fileID: 0}
    m_Modifications:
    - target: {fileID: 128976, guid: d62be77ab4b73b54f8cd6e96a767f023, type: 3}
      propertyPath: m_Name
      value: SM_Env_HillSnow_04 (5)
      objectReference: {fileID: 0}
    - target: {fileID: 413876, guid: d62be77ab4b73b54f8cd6e96a767f023, type: 3}
      propertyPath: m_LocalScale.x
      value: 5.4159923
      objectReference: {fileID: 0}
    - target: {fileID: 413876, guid: d62be77ab4b73b54f8cd6e96a767f023, type: 3}
      propertyPath: m_LocalScale.y
      value: 14.511004
      objectReference: {fileID: 0}
    - target: {fileID: 413876, guid: d62be77ab4b73b54f8cd6e96a767f023, type: 3}
      propertyPath: m_LocalScale.z
      value: 11.975884
      objectReference: {fileID: 0}
    - target: {fileID: 413876, guid: d62be77ab4b73b54f8cd6e96a767f023, type: 3}
      propertyPath: m_LocalPosition.x
      value: 2113.4375
      objectReference: {fileID: 0}
    - target: {fileID: 413876, guid: d62be77ab4b73b54f8cd6e96a767f023, type: 3}
      propertyPath: m_LocalPosition.y
      value: -9.8
      objectReference: {fileID: 0}
    - target: {fileID: 413876, guid: d62be77ab4b73b54f8cd6e96a767f023, type: 3}
      propertyPath: m_LocalPosition.z
      value: -530.8146
      objectReference: {fileID: 0}
    - target: {fileID: 413876, guid: d62be77ab4b73b54f8cd6e96a767f023, type: 3}
      propertyPath: m_LocalRotation.w
      value: 0.7153883
      objectReference: {fileID: 0}
    - target: {fileID: 413876, guid: d62be77ab4b73b54f8cd6e96a767f023, type: 3}
      propertyPath: m_LocalRotation.x
      value: -0
      objectReference: {fileID: 0}
    - target: {fileID: 413876, guid: d62be77ab4b73b54f8cd6e96a767f023, type: 3}
      propertyPath: m_LocalRotation.y
      value: 0.6987271
      objectReference: {fileID: 0}
    - target: {fileID: 413876, guid: d62be77ab4b73b54f8cd6e96a767f023, type: 3}
      propertyPath: m_LocalRotation.z
      value: -0
      objectReference: {fileID: 0}
    - target: {fileID: 413876, guid: d62be77ab4b73b54f8cd6e96a767f023, type: 3}
      propertyPath: m_LocalEulerAnglesHint.x
      value: 0
      objectReference: {fileID: 0}
    - target: {fileID: 413876, guid: d62be77ab4b73b54f8cd6e96a767f023, type: 3}
      propertyPath: m_LocalEulerAnglesHint.y
      value: 88.65
      objectReference: {fileID: 0}
    - target: {fileID: 413876, guid: d62be77ab4b73b54f8cd6e96a767f023, type: 3}
      propertyPath: m_LocalEulerAnglesHint.z
      value: 0
      objectReference: {fileID: 0}
    m_RemovedComponents: []
    m_RemovedGameObjects: []
    m_AddedGameObjects: []
    m_AddedComponents: []
  m_SourcePrefab: {fileID: 100100000, guid: d62be77ab4b73b54f8cd6e96a767f023, type: 3}
--- !u!1001 &1600480843
PrefabInstance:
  m_ObjectHideFlags: 0
  serializedVersion: 2
  m_Modification:
    serializedVersion: 3
    m_TransformParent: {fileID: 0}
    m_Modifications:
    - target: {fileID: 128976, guid: d62be77ab4b73b54f8cd6e96a767f023, type: 3}
      propertyPath: m_Name
      value: SM_Env_HillSnow_04 (2)
      objectReference: {fileID: 0}
    - target: {fileID: 413876, guid: d62be77ab4b73b54f8cd6e96a767f023, type: 3}
      propertyPath: m_LocalScale.x
      value: 5.4159923
      objectReference: {fileID: 0}
    - target: {fileID: 413876, guid: d62be77ab4b73b54f8cd6e96a767f023, type: 3}
      propertyPath: m_LocalScale.y
      value: 14.511004
      objectReference: {fileID: 0}
    - target: {fileID: 413876, guid: d62be77ab4b73b54f8cd6e96a767f023, type: 3}
      propertyPath: m_LocalScale.z
      value: 9.188893
      objectReference: {fileID: 0}
    - target: {fileID: 413876, guid: d62be77ab4b73b54f8cd6e96a767f023, type: 3}
      propertyPath: m_LocalPosition.x
      value: 1876.3
      objectReference: {fileID: 0}
    - target: {fileID: 413876, guid: d62be77ab4b73b54f8cd6e96a767f023, type: 3}
      propertyPath: m_LocalPosition.y
      value: -9.8
      objectReference: {fileID: 0}
    - target: {fileID: 413876, guid: d62be77ab4b73b54f8cd6e96a767f023, type: 3}
      propertyPath: m_LocalPosition.z
      value: -763.4
      objectReference: {fileID: 0}
    - target: {fileID: 413876, guid: d62be77ab4b73b54f8cd6e96a767f023, type: 3}
      propertyPath: m_LocalRotation.w
      value: 0.7153883
      objectReference: {fileID: 0}
    - target: {fileID: 413876, guid: d62be77ab4b73b54f8cd6e96a767f023, type: 3}
      propertyPath: m_LocalRotation.x
      value: -0
      objectReference: {fileID: 0}
    - target: {fileID: 413876, guid: d62be77ab4b73b54f8cd6e96a767f023, type: 3}
      propertyPath: m_LocalRotation.y
      value: 0.6987271
      objectReference: {fileID: 0}
    - target: {fileID: 413876, guid: d62be77ab4b73b54f8cd6e96a767f023, type: 3}
      propertyPath: m_LocalRotation.z
      value: -0
      objectReference: {fileID: 0}
    - target: {fileID: 413876, guid: d62be77ab4b73b54f8cd6e96a767f023, type: 3}
      propertyPath: m_LocalEulerAnglesHint.x
      value: 0
      objectReference: {fileID: 0}
    - target: {fileID: 413876, guid: d62be77ab4b73b54f8cd6e96a767f023, type: 3}
      propertyPath: m_LocalEulerAnglesHint.y
      value: 88.65
      objectReference: {fileID: 0}
    - target: {fileID: 413876, guid: d62be77ab4b73b54f8cd6e96a767f023, type: 3}
      propertyPath: m_LocalEulerAnglesHint.z
      value: 0
      objectReference: {fileID: 0}
    m_RemovedComponents: []
    m_RemovedGameObjects: []
    m_AddedGameObjects: []
    m_AddedComponents: []
  m_SourcePrefab: {fileID: 100100000, guid: d62be77ab4b73b54f8cd6e96a767f023, type: 3}
--- !u!1 &1679568035
GameObject:
  m_ObjectHideFlags: 0
  m_CorrespondingSourceObject: {fileID: 0}
  m_PrefabInstance: {fileID: 0}
  m_PrefabAsset: {fileID: 0}
  serializedVersion: 6
  m_Component:
  - component: {fileID: 1679568039}
  - component: {fileID: 1679568038}
  - component: {fileID: 1679568037}
  - component: {fileID: 1679568036}
  m_Layer: 0
  m_Name: Cube
  m_TagString: Untagged
  m_Icon: {fileID: 0}
  m_NavMeshLayer: 0
  m_StaticEditorFlags: 0
  m_IsActive: 1
--- !u!65 &1679568036
BoxCollider:
  m_ObjectHideFlags: 0
  m_CorrespondingSourceObject: {fileID: 0}
  m_PrefabInstance: {fileID: 0}
  m_PrefabAsset: {fileID: 0}
  m_GameObject: {fileID: 1679568035}
  m_Material: {fileID: 0}
  m_IncludeLayers:
    serializedVersion: 2
    m_Bits: 0
  m_ExcludeLayers:
    serializedVersion: 2
    m_Bits: 0
  m_LayerOverridePriority: 0
  m_IsTrigger: 0
  m_ProvidesContacts: 0
  m_Enabled: 1
  serializedVersion: 3
  m_Size: {x: 1, y: 1, z: 1}
  m_Center: {x: 0, y: 0, z: 0}
--- !u!23 &1679568037
MeshRenderer:
  m_ObjectHideFlags: 0
  m_CorrespondingSourceObject: {fileID: 0}
  m_PrefabInstance: {fileID: 0}
  m_PrefabAsset: {fileID: 0}
  m_GameObject: {fileID: 1679568035}
  m_Enabled: 1
  m_CastShadows: 1
  m_ReceiveShadows: 1
  m_DynamicOccludee: 1
  m_StaticShadowCaster: 0
  m_MotionVectors: 1
  m_LightProbeUsage: 1
  m_ReflectionProbeUsage: 1
  m_RayTracingMode: 2
  m_RayTraceProcedural: 0
  m_RenderingLayerMask: 1
  m_RendererPriority: 0
  m_Materials:
  - {fileID: 10303, guid: 0000000000000000f000000000000000, type: 0}
  m_StaticBatchInfo:
    firstSubMesh: 0
    subMeshCount: 0
  m_StaticBatchRoot: {fileID: 0}
  m_ProbeAnchor: {fileID: 0}
  m_LightProbeVolumeOverride: {fileID: 0}
  m_ScaleInLightmap: 1
  m_ReceiveGI: 1
  m_PreserveUVs: 0
  m_IgnoreNormalsForChartDetection: 0
  m_ImportantGI: 0
  m_StitchLightmapSeams: 1
  m_SelectedEditorRenderState: 3
  m_MinimumChartSize: 4
  m_AutoUVMaxDistance: 0.5
  m_AutoUVMaxAngle: 89
  m_LightmapParameters: {fileID: 0}
  m_SortingLayerID: 0
  m_SortingLayer: 0
  m_SortingOrder: 0
  m_AdditionalVertexStreams: {fileID: 0}
--- !u!33 &1679568038
MeshFilter:
  m_ObjectHideFlags: 0
  m_CorrespondingSourceObject: {fileID: 0}
  m_PrefabInstance: {fileID: 0}
  m_PrefabAsset: {fileID: 0}
  m_GameObject: {fileID: 1679568035}
  m_Mesh: {fileID: 10202, guid: 0000000000000000e000000000000000, type: 0}
--- !u!4 &1679568039
Transform:
  m_ObjectHideFlags: 0
  m_CorrespondingSourceObject: {fileID: 0}
  m_PrefabInstance: {fileID: 0}
  m_PrefabAsset: {fileID: 0}
  m_GameObject: {fileID: 1679568035}
  serializedVersion: 2
  m_LocalRotation: {x: -0, y: -0, z: -0, w: -1}
  m_LocalPosition: {x: -2039967.5, y: 0.0338, z: 2284003}
  m_LocalScale: {x: 9486839, y: 0.46583664, z: 10738381}
  m_ConstrainProportionsScale: 0
  m_Children: []
  m_Father: {fileID: 0}
  m_LocalEulerAnglesHint: {x: 0, y: 0, z: 0}
--- !u!1660057539 &9223372036854775807
SceneRoots:
  m_ObjectHideFlags: 0
  m_Roots:
  - {fileID: 1037384800}
  - {fileID: 1035120229}
  - {fileID: 1679568039}
  - {fileID: 250921074}
  - {fileID: 1277093023}
  - {fileID: 1600480843}
  - {fileID: 1231135668}
  - {fileID: 1547947387}
  - {fileID: 648460745}
  - {fileID: 656815757}
  - {fileID: 182708869}
  - {fileID: 1126639369}
  - {fileID: 55593530}
